<record><leader>00000cas a22000007a 4500</leader><controlfield tag="001">2266149</controlfield><controlfield tag="008">760620d18841927paudn ne      0    0eng d</controlfield><datafield ind1=" " ind2=" " tag="010"><subfield code="a">sn 85054644 </subfield></datafield><datafield ind1=" " ind2=" " tag="040"><subfield code="a">PIT</subfield><subfield code="b">eng</subfield><subfield code="c">PIT</subfield><subfield code="d">NPH</subfield><subfield code="d">NPY</subfield><subfield code="d">NPH</subfield><subfield code="d">DLC</subfield><subfield code="d">NPH</subfield><subfield code="d">MGN</subfield><subfield code="d">CRL</subfield><subfield code="d">OCLCQ</subfield><subfield code="d">KRTAS</subfield><subfield code="d">OCLCQ</subfield><subfield code="d">OCLCF</subfield><subfield code="d">OCLCO</subfield></datafield><datafield ind1=" " ind2=" " tag="042"><subfield code="a">msc</subfield></datafield><datafield ind1=" " ind2=" " tag="043"><subfield code="a">n-us-pa</subfield></datafield><datafield ind1="0" ind2="0" tag="050"><subfield code="a">Newspaper 9375-X</subfield></datafield><datafield ind1="0" ind2="0" tag="245"><subfield code="a">Pittsburgh chronicle telegraph.</subfield></datafield><datafield ind1="1" ind2="3" tag="246"><subfield code="a">Chronicle telegraph</subfield></datafield><datafield ind1=" " ind2=" " tag="260"><subfield code="a">Pittsburgh [Pa. :</subfield><subfield code="b">s.n.],</subfield><subfield code="c">-1927.</subfield></datafield><datafield ind1=" " ind2=" " tag="300"><subfield code="a">v. :</subfield><subfield code="b">ill. ;</subfield><subfield code="c">60-74 cm.</subfield></datafield><datafield ind1=" " ind2=" " tag="310"><subfield code="a">Daily (except Sun.)</subfield></datafield><datafield ind1="1" ind2=" " tag="362"><subfield code="a">Began in 1884. Cf. Pennsylvania, a guide to the keystone state.</subfield></datafield><datafield ind1="0" ind2=" " tag="362"><subfield code="a">-v. 172, no. 26 (Aug. 1, 1927).</subfield></datafield><datafield ind1=" " ind2=" " tag="500"><subfield code="a">Publishers: Pittsburgh Chronicle Telegraph Pub. Co., &lt;Feb. 12, 1886&gt;; Newspaper Printing Co., &lt;Aug. 2, 1927&gt;.</subfield></datafield><datafield ind1=" " ind2=" " tag="515"><subfield code="a">Issues for &lt;Oct. 21, 1892&gt;-Aug. 1, 1927 called also &lt;vol. 103, no. 100&gt;-v. 172, no. 26.</subfield></datafield><datafield ind1=" " ind2=" " tag="530"><subfield code="a">Also issued on microfilm from UMI.</subfield></datafield><datafield ind1=" " ind2=" " tag="588"><subfield code="a">Description based on: Jan. 2, 1884.</subfield></datafield><datafield ind1=" " ind2="0" tag="651"><subfield code="a">Pittsburgh (Pa.)</subfield><subfield code="v">Newspapers.</subfield></datafield><datafield ind1=" " ind2="7" tag="655"><subfield code="a">Newspapers.</subfield><subfield code="2">fast</subfield><subfield code="0">(OCoLC)fst01423814</subfield></datafield><datafield ind1=" " ind2="7" tag="651"><subfield code="a">Pennsylvania</subfield><subfield code="z">Pittsburgh.</subfield><subfield code="2">fast</subfield><subfield code="0">(OCoLC)fst01205171</subfield></datafield><datafield ind1=" " ind2=" " tag="752"><subfield code="a">United States</subfield><subfield code="b">Pennsylvania</subfield><subfield code="c">Allegheny</subfield><subfield code="d">Pittsburgh.</subfield></datafield><datafield ind1="0" ind2=" " tag="775"><subfield code="t">Weekly chronicle telegraph</subfield><subfield code="w">(DLC)sn 89077915</subfield><subfield code="w">(OCoLC)19745300</subfield></datafield><datafield ind1="0" ind2="4" tag="780"><subfield code="t">Pittsburgh evening chronicle</subfield><subfield code="w">(DLC)sn 84026127</subfield><subfield code="w">(OCoLC)10447760</subfield></datafield><datafield ind1="0" ind2="4" tag="780"><subfield code="t">Pittsburgh telegraph (Pittsburgh, Pa. : Daily)</subfield><subfield code="w">(DLC)sn 85038399</subfield><subfield code="w">(OCoLC)12396235</subfield></datafield><datafield ind1="0" ind2="7" tag="785"><subfield code="t">Pittsburgh sun (Pittsburgh, Pa. : 1906)</subfield><subfield code="w">(DLC)sn 85054654</subfield><subfield code="w">(OCoLC)2266191</subfield></datafield><datafield ind1="0" ind2="7" tag="785"><subfield code="t">Pittsburgh sun-telegraph</subfield><subfield code="w">(DLC)sn 84024538</subfield><subfield code="w">(OCoLC)2266192</subfield></datafield><datafield ind1=" " ind2=" " tag="938"><subfield code="a">Kirtas Technologies, Inc.</subfield><subfield code="b">KRTS</subfield><subfield code="n">735692</subfield></datafield></record>